%  a sample bibliography file

@article{small,
author = {Freely, I.P.},
title = {A small paper},
journal = {The journal of small papers},
year = 1997,
volume = {-1},
note = {to appear},
}

@article{big,
author = {Jass, Hugh},
title = {A big paper},
journal = {The journal of big papers},
year = 7991,
volume = {MCMXCVII},
}

@book{Bellman:61,
  author    =   "R. Bellman",
  title     =   "Adaptive Control Processes: A Guided Tour",
  publisher =   "Princeton University Press",
  year      =   "1961"}

@techreport{Carreira,
     author =   "Miguel A. Carreira-Perpinan",
      title =   "{A Review of Dimension Reduction Techniques}",
       year =   "1997",
      month =   "jan",
   language =   "english",
institution =   "University of Sheffield",
       date =   "January 1997",
     npages =   "69~pages"}
     
@article{Landgrebe,
    author  =   "Jimenes, L. O and Landgrebe, D.",
     title  =   "Supervised Classification in High Dimensional Space: Geometrical, Statistical and Asymptotical Properties of Multivariate Data",
   journal  =   "IEEE Trans. on Systems, Man and Cybernetics",
    volume  =   "28",
      year  =   "1998",
    number  =   "1",
     pages  =   "39--54"}
     
@book{Verleysen,
  author    =   "John A. Lee and Michel Verleysen" ,
  title     =   "Nonlinear Dimensionality Reduction",
  publisher =   "Springer",
  year      =   "2007"}

@book{Silverman,
  author    =   "B. W. Silverman" ,
  title     =   "Density Estimation for Statistics and Data Analysis",
  publisher =   "Chapman \& Hall",
  year      =   "1986"}
  
@book{Fukunaga,
  author    =   "Fukunaga, K." ,
  title     =   "Introduction to Statistical Pattern Recognition",
  publisher =   "Academic Press",
  year      =   "1990"}

@book{Scott92,
  author    =   "Scott, D. W." ,
  title     =   "Multivariate Density Estimation",
  publisher =   "John Wiley \& Sons",
  year      =   "1992"}
  
@article{Hwang94,
    author  =   "Hwang, J. and Lay, S. and Lippman, A.",
     title  =   "Nonparametric Multivariate Density Estimation: A Comparative Study",
   journal  =   "IEEE Trans. on Signal Processing",
    volume  =   "42",
      year  =   "1994",
    number  =   "10",
     pages  =   "2795--2810"}
  
@article{Hughes68,
    author  =   "Hughes, G. F.",
     title  =   "On the Mean Accuracy of Statistical Pattern Recognizers",
   journal  =   "IEEE Trans. on Information Theory",
    volume  =   "14",
      year  =   "1968",
     pages  =   "55--63"}

@inbook{Huo2007,
  author    =   "Xiaoming Huo and Xuelei Ni and Andrew K. Smith",
  year      =   "2008",
  editor    =   "T Warren Liao and Evangelos Triantaphyllou",
  title     =   "A Survey of Manifold-Based Learning Methods",
  booktitle =   "Recent Advances in Data Mining of Enterprise Data: Algorithms and Applications",
  publisher =   "World Scientific",
  series    =   "Series on Computers and Operations Research",
  volume    =   "6",
  pages     =   "691--745"}
  
@techreport{Cayton,
     author =   "Lawrence Cayton",
      title =   "{Algorithms for Manifold Learning}",
       year =   "2005",
   language =   "english",
institution =   "University of California San Diego (UCSD)",
     npages =   "17~pages"}
     
@article{MetricLearning1,
title = "Survey and experimental study on metric learning methods",
journal = "Neural Networks",
volume = "105",
pages = "447-462",
year = "2018",
issn = "0893-6080",
author = "Dewei Li and Yingjie Tian",
}

@article{MetricLearning2,
 author = {Wang, Fei and Sun, Jimeng},
 title = {Survey on Distance Metric Learning and Dimensionality Reduction in Data Mining},
 journal = {Data Min. Knowl. Discov.},
 issue_date = {March     2015},
 volume = {29},
 number = {2},
 month = mar,
 year = {2015},
 issn = {1384-5810},
 pages = {534--564},
 numpages = {31},
 url = {http://dx.doi.org/10.1007/s10618-014-0356-z},
 doi = {10.1007/s10618-014-0356-z},
 acmid = {2738549},
 publisher = {Kluwer Academic Publishers},
 address = {Hingham, MA, USA},
 keywords = {Data mining, Dimensionality reduction, Distance metric learning},
}

@article{MetricLearning3,
  author = {Yang, Liu and Jin, Rong},
  biburl = {https://www.bibsonomy.org/bibtex/278562d80780595fc562c04e8537cacb8/thoni},
  journal = {Michigan State Universiy},
  keywords = {distance learning metric survey},
  timestamp = {2016-09-06T08:23:07.000+0200},
  title = {Distance metric learning: A comprehensive survey},
  volume = 2,
  year = 2006
}

@article{MetricLearning4,
  author    = {Aur{\'{e}}lien Bellet and
               Amaury Habrard and
               Marc Sebban},
  title     = {A Survey on Metric Learning for Feature Vectors and Structured Data},
  journal   = {CoRR},
  volume    = {abs/1306.6709},
  year      = {2013},
  url       = {http://arxiv.org/abs/1306.6709},
  archivePrefix = {arXiv},
  eprint    = {1306.6709},
  timestamp = {Mon, 13 Aug 2018 16:46:04 +0200},
  biburl    = {https://dblp.org/rec/bib/journals/corr/BelletHS13},
  bibsource = {dblp computer science bibliography, https://dblp.org}
}

@article{MetricLearning5,
  title={A Tutorial on Distance Metric Learning: Mathematical Foundations, Algorithms and Software},
  author={Juan-Luis Su{\'a}rez and Salvador Garc{\'i}a and Francisco Herrera},
  journal={CoRR},
  year={2018},
  volume={abs/1812.05944}
}

@article{Trunk, 
	author	=	"G. V. Trunk", 
	journal	=	"IEEE Trans. on Pattern Analysis and Machine Intelligence", 
	title	=	"A Problem of Dimensionality: A Simple Example", 
	year	=	"1979", 
	volume	=	"1", 
	number	=	"3", 
	pages	=	"306--307"}

@article{LinearMethods, 
	author	=	"John P. Cunningham and Zoubin Ghahramani", 
	journal	=	"Journal of Machine Learning Research", 
	title	=	"Linear Dimensionality Reduction: Survey, Insights, and Generalizations", 
	year	=	"2015", 
	volume	=	"16", 
	pages	=	"2859--2900"}
	
@book{DudaHart,
  author    =   "Richard O. Duda and Peter E. Hart and David G. Stork",
  title     =   "Pattern Classification",
  publisher =   "Wiley-Interscience",
  pages     =   "688 pages",
  edition	=	"2",
  year      =   "2000"}
  
@book{Theodoridis,
  author    =   "Sergios Theodoridis and Konstantinos Koutroumbas",
  title     =   "Pattern Recognition",
  publisher =   "Academic Press",
  pages     =   "984 pages",
  edition	=	"4",
  year      =   "2008"}

@book{Webb,
  author    =   "Andrew R. Webb and Keith D. Copsey",
  title     =   "Statistical Pattern Recognition",
  publisher =   "Wiley",
  pages     =   "666 pages",
  edition	=	"3",
  year      =   "2011"}
  
@book{PCA,
  author    =   "I. T. Jolliffe",
  title     =   "Principal Component Analysis",
  publisher =   "Springer",
  pages     =   "487 pages",
  edition	=	"2",
  year      =   "2002"}
  
@book{Calvert,
  author    =   "T. Y. Young and T. W. Calvert" ,
  title     =   "Classification, Estimation and Pattern Recognition",
  publisher =   "Elsevier",
  year      =   "1974"}
  
@book{Hyvarinen,
  author    =   "A. Hyvarinen and J. Karhunen and E. Oja" ,
  title     =   "Independent Component Analysis",
  publisher =   "John Wiley \& Sons",
  year      =   "2001"}

@article{Tipping, 
	author	=	"M. E. Tipping and C. M. Bishop", 
	journal	=	"Journal of the Royal Statistical Society, Series B", 
	title	=	"Probabilistic principal component analysis", 
	year	=	"1999", 
	volume	=	"61",
	number	=	"3", 
	pages	=	"611--622"}

@inproceedings{Roweis,
  author    =   "S. T. Roweis",
  title     =   "EM algorithms for PCA and sensible PCA",
  booktitle =   "Advances in Neural Information Processing Systems",
  year      =   "1997"}

@article{Galpin, 
	author	=	"J. S. Galpin and D. M. Hawkins", 
	journal	=	"Computational Statistics and Data Analysis", 
	title	=	"Methods of L1 estimation of a covariance matrix", 
	year	=	"1987", 
	volume	=	"5",
	pages	=	"305--319"}

@article{Choulakian, 
	author	=	"V. Choulakian", 
	journal	=	"Computational Statistics and Data Analysis", 
	title	=	"L1-norm projection pursuit principal component analysis", 
	year	=	"2006", 
	volume	=	"50",
	number	=	"6",
	pages	=	"1441--1451"}

@article{Zou, 
	author	=	"H. Zou and T. Hastie and R. Tibshirani", 
	journal	=	"Journal of Computational and Graphical Statistics", 
	title	=	"Sparse principal component analysis", 
	year	=	"2006", 
	volume	=	"15",
	number	=	"2",
	pages	=	"265--286"}

@article{Journee, 
	author	=	"M. Journee and Y. Nesterov and P. Richtarik and R. Sepulchre", 
	journal	=	"Journal of Machine Learning Research", 
	title	=	"Generalized power method for sparse principal component analysis", 
	year	=	"2010", 
	volume	=	"11",
	pages	=	"517--553"}
	
@book{Tibshirani,
  author    =   "Hastie, T. and Tibshirani, R. and Friedman, J." ,
  title     =   "The Elements of Statistical Learning",
  publisher =   "Springer",
  edition	=	"2",
  year      =   "2009"}
  
@article{Hyva99, 
	author	=	"Hyvaninen, A.", 
	journal	=	"IEEE Transactions on Neural Networks", 
	title	=	"Fast and robust fixed-point algorithms for independent component analysis", 
	year	=	"1999", 
	volume	=	"10",
	number	=	"3",
	pages	=	"626--634"}  
	
@article{Bell, 
	author	=	"Bell, A. J. and Sejnowski, T. J.", 
	journal	=	"Neural Computation", 
	title	=	"An information maximization approach to blind separation and blind deconvolution", 
	year	=	"1995", 
	volume	=	"7",
	pages	=	"1129--1159"}

@article{Girolami, 
	author	=	"Lee, T. W. and Girolami, M. and Sejnowski, T. J.", 
	journal	=	"Neural Computation", 
	title	=	"Independent component analysis using an extended infomax algorithm for mixed subgaussian and supergaussian sources", 
	year	=	"1999", 
	volume	=	"11",
	number	=	"2",
	pages	=	"626--634"}
	
@article{Amari, 
	author	=	"Amari, S. and Cichocki, A. and Yang, H.", 
	journal	=	"Advances in Neural Information Processing Systems", 
	title	=	"A new learning algorithm for blind source separation", 
	year	=	"1996", 
	volume	=	"8",
	pages	=	"757--763"}
	
@article{Pham, 
	author	=	"Dinh-Tuan Pham", 
	journal	=	"IEEE Transactions on Signal Processing", 
	title	=	"Fast algorithms for mutual information based independent component analysis", 
	year	=	"2004", 
	volume	=	"52",
	number	=	"10",
	pages	=	"2690--2700"}

@article{NMF, 
	author	=	"Daniel D. Lee and H Sebastian Seung", 
	journal	=	"Nature", 
	title	=	"Learning the parts of objects by non-negative matrix factorization", 
	year	=	"1999", 
	volume	=	"401",
	pages	=	"788--791"}
	
@inproceedings{KPCA, 
	author	=	"Bernhard Schölkopf and Alexander Smola and Klaus Robert Müller", 
	title	=   "Kernel principal component analysis",
	booktitle =   "Advances in Kernel Methods – Support Vector Learning",
	publisher =	  "MIT Press",
	pages 	= 	"327--352",
	year      =   "1999"}

@book{Vapnik,
  author    =   "Vladimir N. Vapnik" ,
  title     =   "The Nature of Statistical Learning Theory",
  publisher =   "Springer-Verlag",
  year      =   "1993"}

@article{Smola, 
	author	=	"Schölkopf, Bernhard and Smola, Alexander and Müller, Klaus Robert", 
	journal	=	"Neural Computation", 
	title	=	"Nonlinear component analysis as a kernel eigenvalue problem", 
	year	=	"1998", 
	volume	=	"10",
	number	=	"5",
	pages	=	"1299--1319"}
	
@article{Murase, 
	author	=	"Murase, H. and Nayar, S.", 
	journal	=	"International Journal Computer Vision", 
	title	=	"Visual learning and recognition of 3d objects from appearance", 
	year	=	"1995", 
	volume	=	"14",
	pages	=	"5--24"}
	
@article{McClurkin, 
	author	=	"J.W. McClurkin and L.M. Optican, B.R. and Gawne, T.", 
	journal	=	"Science", 
	title	=	"Concurrent processing and complexity of temporally encoded neuronal messages in visual perception", 
	year	=	"1991", 
	volume	=	"253",
	pages	=	"675--677"}

@article{Seung, 
	author	=	"H. Sebastian Seung and Daniel D. Lee", 
	journal	=	"Science", 
	title	=	"The Manifold Ways of Perception", 
	year	=	"2000", 
	volume	=	"290",
	pages	=	"2268--2269"}
	
@inbook{Brand,
  author    =   "M. Brand",
  year      =   "2003",
  editor    =   "S. Becker and S. Thrun and K. Obermayer",
  title     =   "Charting a manifold",
  booktitle =   "Advances in Neural Information Processing Systems",
  publisher =   "MIT Press",
  volume    =   "15",
  pages     =   "961--968"}
  
@article{Isomap, 
	author	=	"Joshua B. Tenenbaum and Vin de Silva and John C. Langford", 
	journal	=	"Science", 
	title	=	"A Global Geometric Framework for Nonlinear Dimensionality Reduction", 
	year	=	"2000", 
	volume	=	"290",
	pages	=	"2319--2323"}
	
@article{Isomap_converg, 
	author	=	"M. Bernstein and V. de Silva and J. Langford and J. Tenenbaum", 
	title	=	"Graph Approximations to Geodesics on Embedded Manifolds", 
	year	=	"2000"}
	
@book{MDS,
  author    =   "Trevor F. Cox and Michael A. A. Cox",
  title     =   "Multidimensional Scaling",
  publisher =   "Chapman \& Hall",
  series	=	"Monographs on Statistics and Applied Probability",
  volume	=	"88",
  pages     =   "295 p",
  year      =   "2001"}
  
@book{Cormen,
  author    =   "Thomas H. Cormen and Charles E. Leiserson and Ronald L. Rivest and Clifford Stein",
  title     =   "Introduction to Algorithms",
  publisher =   "MIT Press",
  pages     =   "1312 p",
  edition	=	"3",
  year      =   "2009"}
  
@book{MDS2,
  author    =   "Borg, I. and Groenen, P.",
  title     =   "Modern Multidimensional Scaling: theory and applications",
  publisher =   "Springer-Verlag",
  edition	=	"2",
  year      =   "2005"}
  
@article{Luxburg, 
	author	=	"Ulrike von Luxburg", 
	journal	=	"Statistics and Computing", 
	title	=	"A tutorial on spectral clustering", 
	year	=	"2007", 
	volume	=	"17",
	issue	=	"4",
	pages	=	"395--416"}
	
@article{ISOMAP_Topology, 
	author	=	"M. Balasubramanian and E. L. Schwartz", 
	journal	=	"Science", 
	title	=	"The Isomap Algorithm and Topological Stability", 
	year	=	"2002", 
	volume	=	"295",
	pages	=	"7--8"}
	
@article{Saxena, 
	author	=	"A. Saxena and A. Gupta and A. Mukerjee", 
	journal	=	"Lecture Notes in Computer Science", 
	title	=	"Non-linear dimensionality reduction by locally linear Isomaps", 
	year	=	"2004", 
	volume	=	"3316",
	pages	=	"1038--1043"}
	
@article{KISOMAP, 
	author	=	"H. Choi and S. Choi", 
	journal	=	"Pattern Recognition", 
	title	=	"Robust kernel Isomap", 
	year	=	"2007", 
	volume	=	"40",
	number	=	"3",
	pages	=	"853--862"}
	
@inproceedings{NIPS,
  author    =   "Vin de Silva and Joshua B. Tenenbaum",
  title     =   "Global versus local methods in nonlinear dimensionality reduction",
  booktitle =   "Proceedings of the 15th International Conference on Neural Information Processing Systems ({NIPS}'02)",
  year      =   "2002",
  pages     =   "721-728"}
  
@article{LLE, 
	author	=	"Sam Roweis and Lawrence Saul", 
	journal	=	"Science", 
	title	=	"Nonlinear dimensionality reduction by locally linear embedding", 
	year	=	"2000", 
	volume	=	"290",
	pages	=	"2323--2326"}
	
@article{LLE2, 
	author	=	"Lawrence Saul and Sam Roweis", 
	journal	=	"Journal of Machine Learning Research", 
	title	=	"Think Globally, Fit Locally: Unsupervised Learning of Low Dimensional Manifolds", 
	year	=	"2003", 
	volume	=	"4",
	pages	=	"119--155"}

@techreport{LLE3,
    author = "Lawrence K. Saul and Sam T. Roweis",
    title = "An Introduction to Locally Linear Embedding",
    institution = "New York University",
    year = "2000"
}

@misc{LLE4,
  author    =   "Cosma Shalizi",
  title     =   "Nonlinear Dimensionality Reduction I: Local Linear Embedding",
  year      =   "2009",
  institution = "Carnegie Mellon University",
  note      =   "http://www.stat.cmu.edu/~cshalizi/350/lectures/14/lecture-14.pdf"}

@techreport{LLE5,
    author = "Dick de Ridder and Robert P.W. Duin",
    title = "Locally Linear Embedding for Classification",
    institution = "Delft University of Technology",
    year = "2002"
}

@incollection{NIPS2006,
title = {Convergence of Laplacian Eigenmaps},
author = {Belkin, Mikhail and Partha Niyogi},
booktitle = {Advances in Neural Information Processing Systems 19},
editor = {B. Sch\"{o}lkopf and J. C. Platt and T. Hoffman},
pages = {129--136},
year = {2007},
publisher = {MIT Press}
}

@article{LapEig,
 author = {Belkin, Mikhail and Niyogi, Partha},
 title = {Laplacian Eigenmaps for Dimensionality Reduction and Data Representation},
 journal = {Neural Computation},
 issue_date = {June 2003},
 volume = {15},
 number = {6},
 month = jun,
 year = {2003},
 pages = {1373--1396},
 numpages = {24},
 publisher = {MIT Press}
} 

@book{Chung97,
  author    =   "Fan R. K. Chung" ,
  title     =   "Spectral Graph Theory",
  publisher =   "American Mathematical Society",
  year      =   "1997"}
  
@book{Brouwer,
  editor    =   "Brouwer, Andries E. and Haemers, Willem H." ,
  title     =   "Spectra of Graphs",
  publisher =   "Springer",
  year      =   "2011"}
  
@INPROCEEDINGS{Spielman, 
	author={D. A. {Spielman}}, 
	booktitle={48th Annual IEEE Symposium on Foundations of Computer Science (FOCS'07)}, 
	title={Spectral Graph Theory and its Applications}, 
	year={2007}, 
	volume={}, 
	number={}, 
	pages={29-38}, 
	month={Oct}}

@book{Nica,
  author    =   "Bogdan Nica" ,
  title     =   "A Brief Introduction to Spectral Graph Theory",
  publisher =   "American Mathematical Society",
  year      =   "2018"}
  
@book{Piet,
  author    =   "Piet van Mieghem",
  title     =   "Graph Spectra for Complex Networks",
  publisher =   "Cambridge University Press",
  year      =   "2010"}
  
@INPROCEEDINGS{Mohar91,
    author = {Bojan Mohar},
    title = {The Laplacian spectrum of graphs},
    booktitle = {Graph Theory, Combinatorics, and Applications},
    year = {1991},
    pages = {871--898},
    publisher = {Wiley}
}

@article{Fiedler,
author = {Miroslav Fiedler},
journal = {Banach Center Publications},
number = {1},
pages = {57-70},
title = {Laplacian of graphs and algebraic connectivity},
volume = {25},
year = {1989},
}

@article{SurveyLE,
author = {Li Bo and Li Yan-Rui and Zhang Xiao-Long},
journal = {Neurocomputing},
pages = {336-351},
title = {A survey on Laplacian eigenmaps based manifold learning methods},
volume = {335},
year = {2018}
}

@incollection{NIPS2001,
title = {Laplacian Eigenmaps and Spectral Techniques for Embedding and Clustering},
author = {Belkin, Mikhail and Partha Niyogi},
booktitle = {Advances in Neural Information Processing Systems 14},
editor = {T. G. Dietterich and S. Becker and Z. Ghahramani},
pages = {585--591},
year = {2002},
publisher = {MIT Press}
}

@incollection{LPP,
title = {Locality Preserving Projections},
author = {He, Xiaofei and Partha Niyogi},
booktitle = {Advances in Neural Information Processing Systems 16},
editor = {S. Thrun and L. K. Saul and B. Sch\"{o}lkopf},
pages = {153--160},
year = {2004},
publisher = {MIT Press}
}

@article {HessianEig1,
	author = {Donoho, David L. and Grimes, Carrie},
	title = {Hessian eigenmaps: Locally linear embedding techniques for high-dimensional data},
	volume = {100},
	number = {10},
	pages = {5591--5596},
	year = {2003},
	publisher = {National Academy of Sciences},
	journal = {Proceedings of the National Academy of Sciences}
}

@article{HessianEig2,
  title={Robust Hessian Locally Linear Embedding Techniques for High-Dimensional Data},
  author={Xianglei Xing and Sidan Du and Kejun Wang},
  journal={Algorithms},
  year={2016},
  volume={9},
  pages={36}
}

@book{WangML,
author    =   "Jianzhong Wang" ,
title     =   "Geometric Structure of High-Dimensional Data and Dimensionality Reduction",
publisher =   "Springer",
year      =   "2012"
}

@incollection{HessianEig3,
title = {Hessian Locally Linear Embedding},
author = {Jianzhong Wang},
booktitle = {Geometric Structure of High-Dimensional Data and Dimensionality Reduction},
pages = {249--265},
year = {2012},
publisher = {Springer}
}

@article{HessianEig4,
  title={Discrete Hessian Eigenmaps method for dimensionality reduction},
  author={Qiang Ye and Weifeng Zhi},
  journal={Journal of Computational and Applied Mathematics},
  year={2015},
  volume={278},
  pages={197-212}
}

@incollection{SNE,
title = {Stochastic Neighbor Embedding},
author = {Hinton, Geoffrey E and Sam T. Roweis},
booktitle = {Advances in Neural Information Processing Systems 15},
editor = {S. Becker and S. Thrun and K. Obermayer},
pages = {857--864},
year = {2003},
publisher = {MIT Press}
}

@article{tSNE,
  title={Visualizing High-Dimensional Data Using t-SNE},
  author={L.J.P. van der Maaten and G.E. Hinton},
  journal={Journal of Machine Learning Research},
  year={2008},
  volume={9},
  pages={2579--2605}
}

@article{SNE_diverg,
  title={Type 1 and 2 mixtures of Kullback–Leibler divergences as cost functions in dimensionality reduction based on similarity preservation},
  author={John A. Lee and Emilie Renard and Guillaume Bernard and Pierre Dupont and Michel Verleysen},
  journal={Neurocomputing},
  year={2013},
  volume={112},
  pages={92--108}
}

@misc{SNE_grad,
  author    =   "James Melville",
  title     =   "sneer: Stochastic Neighbor Embedding Experiments in R",
  year      =   "2015",
  note      =   "http://jlmelville.github.io/sneer/gradients.html"
}

@misc{SNE_tSNE_gradients,
  author    =   "Federico Errica",
  title     =   "Step-By-Step Derivation of SNE and t-SNE gradients",
  year      =   "2018",
  institution = "University of Pisa",
  note      =   "http://pages.di.unipi.it/errica/curious/derivations-sne-tsne"}
  
@INPROCEEDINGS{Cook, 
	author={J. A. Cook and I. Sutskever and A. Mnih and G.E. Hinton}, 
	booktitle={Proceedings of the 11 th International Conference on Artificial Intelligence and Statistics}, 
	title={Visualizing similarity data with a mixture of maps}, 
	year={2007}, 
	volume={2}, 
	number={}, 
	pages={67-74}, 
}

@INPROCEEDINGS{SDE, 
	author={K. Q. Weinberger and L. K. Saul}, 
	booktitle={Proceedings of the IEEE Conference on Computer Vision and Pattern Recognition (CVPR 04)}, 
	title={Unsupervised learning of image manifolds by semidefinite programming}, 
	year={2004}, 
	volume={2}, 
	number={}, 
	pages={988-995}, 
}

@article{SDProg,
  author    =   "L. Vandenberghe and S. P. Boyd",
  title     =   "Semidefinite programming",
  journal	=	"SIAM Review",
  volume	=	"38",
  number	=	"1",
  year      =   "1996",
  pages		=	"49-95"
}

@INPROCEEDINGS{SDE_Nonlinear,
author = {Kilian Q. Weinberger and Benjamin D. Packer and Lawrence K. Saul},
title = {Nonlinear dimensionality reduction by semidefinite programming and kernel matrix factorization},
booktitle = {in Proceedings of the 10th International Workshop on Artificial Intelligence and Statistics},
year = {2005},
pages = {381-388}
}

@INPROCEEDINGS{SDE_ICML,
    author = {Kilian Q. Weinberger and Fei Sha and Lawrence K. Saul},
    title = {Learning a kernel matrix for nonlinear dimensionality reduction},
    booktitle = {In Proceedings of the Twenty First International Conference on Machine Learning (ICML-04},
    year = {2004},
    pages = {839--846},
    publisher = {ACM Press}
}

@incollection{MVU,
title = {Maximum Variance Unfolding},
author = {Jianzhong Wang},
booktitle = {Geometric Structure of High-Dimensional Data and Dimensionality Reduction},
pages = {181--202},
year = {2012},
publisher = {Springer}
}

@misc{CVXOPT,
  author    =   "Martin Andersen and Joachim Dahl and Lieven Vandenberghe",
  title     =   "CVXOPT: a free Python software package for convex optimization",
  year      =   "2019",
  note      =   "http://cvxopt.org/"}
  
@misc{PyLMI-SDP,
  author    =   "Sousa, C. D.",
  title     =   "PyLMI-SDP: Symbolic linear matrix inequalities (LMI) and semi-definite programming (SDP) tools for Python",
  year      =   "2014",
  note      =   "https://github.com/cdsousa/PyLMI-SDP"}
  
@incollection{Wang,
title = {Local Tangent Space Aligment},
author = {Jianzhong Wang},
booktitle = {Geometric Structure of High-Dimensional Data and Dimensionality Reduction},
pages = {221--234},
year = {2012},
publisher = {Springer}
}

@article{LTSA,
  author    =   "Zhang, Z. Y. and Zha, H. Y.",
  title     =   "Principal manifolds and nonlinear dimensionality reduction via tangent space aligment",
  journal	=	"SIAM Journal on Scientific Computing",
  volume	=	"26",
  number	=	"1",
  year      =   "2004",
  pages		=	"313--338"
}

@incollection{DF_Wang,
title = {Diffusion Maps},
author = {Jianzhong Wang},
booktitle = {Geometric Structure of High-Dimensional Data and Dimensionality Reduction},
pages = {267--298},
year = {2012},
publisher = {Springer}
}

@book{MC,
  author    =   "Gagniuc, Paul A.",
  title     =   "Markov Chains: From Theory to Implementation and Experimentation",
  publisher =   "John Wiley \& Sons",
  year      =   "2017"}
  
@article{Coifman,
	author = {Coifman, R.R. and Lafon, S. and Lee, A B. and Maggioni, M. and Nadler, B. and Warner, F. and Zucker, S. W.},
	title = {Geometric diffusions as a tool for harmonic analysis and structure definition of data: Diffusion maps},
	journal = {Proceedings of the National Academy of Sciences (PNAS)},
	volume = {102},
	number = {21},
	year = {2005},
	pages = {7426--7431}
}  
  
@article{Diffusion1,
  author    =   "Ronen Talmon and Israel Cohen and Sharon Gannot and Ronald R. Coifman",
  title     =   "Diffusion Maps for Signal Processing: A Deeper Look at Manifold-Learning Techniques Based on Kernels and Graphs",
  journal	=	"IEEE Signal Processing Magazine",
  volume	=	"30",
  number	=	"4",
  year      =   "2013",
  pages		=	"75--86"
}

@INPROCEEDINGS{Diffusion2,
    author = {J. De La Porte and B. M. Herbst and W. Hereman and S. J. Van Der Walt},
    title = {An introduction to diffusion maps},
    booktitle = {In The 19th Symposium of the Pattern Recognition Association of South Africa},
    year = {2008}
}

@INPROCEEDINGS{DiffusionScale,
    author = {M. Hein and Y. Audibert},
    title = {Intrinsic dimensionality estimation of submanifold in $R^d$},
    booktitle = {In Proceedings of the International Conference on Machine Learning (ICML)},
    year = {2005},
    pages = {289--296}
}

@article{RobustPCA1999, 
author={Tai-Ning Yang and Sheng-De Wang}, 
journal={Pattern Recognition Letters}, 
title={Robust algorithms for principal component analysis}, 
year={1999}, 
volume={20}, 
number={9},
pages={927--933}, 
}

@article{SparsePCA, 
author={Wang Kunzhe and Xiao Huaitie}, 
journal={Pattern Recognition Letters}, 
title={Sparse kernel feature extraction via support vector learning}, 
year={2018}, 
volume={101}, 
number={1},
pages={67--73}, 
}

@article{MPCA, 
author={Kwanyong Lee and Hyeyoung Park}, 
journal={Pattern Recognition Letters}, 
title={Probabilistic learning of similarity measures for tensor PCA}, 
year={2012}, 
volume={33}, 
number={10},
pages={1364--1372}, 
}

@article{DiffusionPAMI,
  author    =   "Stephane Lafon and Ann B. Lee",
  title     =   "Diffusion Maps and Coarse-Graining: A Unified Framework for Dimensionality Reduction, Graph Partitioning, and Data Set Parameterization",
  journal	=	"IEEE Trans. On Pattern Analysis and Machine Intelligence",
  volume	=	"29",
  number	=	"9",
  year      =   "2006",
  pages		=	"1393--1403"
}

@article{Diffusion0,
  author    =   "Richard Coifman and Stephane Lafon",
  title     =   "Diffusion Maps",
  journal	=	"Applied and Computational Harmonic Analysis",
  volume	=	"21",
  year      =   "2006",
  pages		=	"5--30"
}

@article{LLTSA,
  author    =   "Tianhao Zhang and Jie Yang and Deli Zhao and Xinliang Ge",
  title     =   "Linear local tangent space alignment and application to face recognition",
  journal	=	"Neurocomputing",
  volume	=	"70",
  year      =   "2007",
  pages		=	"1547--1553"
}

@INPROCEEDINGS{DR_Overview,
author={J. A. {Lee} and M. {Verleysen}},
booktitle={The 2010 International Joint Conference on Neural Networks (IJCNN)},
title={Unsupervised dimensionality reduction: Overview and recent advances},
year={2010},
volume={},
number={},
pages={1-8},
doi={10.1109/IJCNN.2010.5596721},
ISSN={1098-7576},
month={July}}

@article{Advances,
 author = {Yin, Hujun and Huang, Weilin},
 doi = {10.1016/j.ins.2010.04.004},
 journal = {Information Sciences},
 keywords = {},
 number = {14},
 pages = {2649-2662},
 title = {Adaptive nonlinear manifolds and their applications to pattern recognition},
 volume = {180},
 year = {2010}
}

@inproceedings{Ham,
 author = {Ham, Jihun and Lee, Daniel D. and Mika, Sebastian and Sch\"{o}lkopf, Bernhard},
 title = {A Kernel View of the Dimensionality Reduction of Manifolds},
 booktitle = {Proceedings of the Twenty-first International Conference on Machine Learning},
 series = {ICML '04},
 year = {2004},
 pages = {47--54},
 publisher = {ACM},
 address = {New York, NY, USA},
} 

@article{Debie,
author = {Debie, E. and Shafi, K.},
title = {Implications of the curse of dimensionality for supervised learning classifier systems: theoretical and empirical analyses},
journal = {Pattern Analysis and Applications},
year = {2019},
volume = 22,
pages = {519--536},
}

@ARTICLE{Buades,  
author={Buades, A. and Coll, B. and Morel, J.M.},  
journal={Multiscale Modeling \& Simulation},   
title={A review of image denoising algorithms, with a new one.},   
year={2005},  
volume={4},  
number={2},  
pages={490-530},
}

@ARTICLE{PPCA,  
author={Levada, A. L. M.},  
journal={Pattern Recognition Letters},   
title={Parametric PCA for unsupervised metric learning},   
year={2020},  
volume={135},  
series={C},  
pages={425-430},
}

@article{PCA_HD, 
author={I. M. Johnstone and D. Paul}, 
journal={Proc. of the IEEE}, 
title={PCA in High Dimensions: An Orientation}, 
year={2018}, 
volume={106}, 
number={8}, 
pages={1277-1292}, 
}

@article{Rethink_PCA, 
author={N. {Vaswani} and Y. {Chi} and T. {Bouwmans}}, 
journal={Proc. of the IEEE}, 
title={Rethinking PCA for Modern Data Sets: Theory, Algorithms, and Applications}, 
year={2018}, 
volume={106}, 
number={8}, 
pages={1274--1276}, 
}

@article{MetricProp, 
author={Karim T. Abou-Moustafa and Frank P. Ferrie}, 
journal={Journal of Machine Learning Research}, 
title={A Note on Metric Properties for Some Divergence Measures:The Gaussian Case}, 
year={2012}, 
volume={25}, 
pages={1--15}, 
}

@article{Kullback, 
author={Kullback, S. and Leibler, R.A.}, 
journal={Annals of Mathematical Statistics}, 
title={On information and sufficiency}, 
year={1951}, 
volume={22}, 
number = {1},
pages={79--86}, 
}

@article{Bhat, 
author={Bhattacharyya, A.}, 
journal={Bulletin of the Calcutta Mathematical Society.}, 
title={On a measure of divergence between two statistical populations defined by their probability distributions}, 
year={1943}, 
volume={35}, 
pages={99--109}, 
}

@book{Pardo,
  author    =   "Pardo, L.",
  title     =   "Statistical Inference Based on Divergence Measures",
  publisher =   "Chapman and Hall/CRC",
  year      =   "2006"
}

@INPROCEEDINGS{TV,  
author={F. {Nielsen} and K. {Sun}},  
booktitle={2018 IEEE 28th International Workshop on Machine Learning for Signal Processing (MLSP)},   
title={GUARANTEED DETERMINISTIC BOUNDS ON THE TOTAL VARIATION DISTANCE BETWEEN UNIVARIATE MIXTURES},   
year={2018},  
pages={1-6},
}

@article{Pinele2,
author = {Pinele, J. and Strapasson, J.E. and Costa, S.I.R.},
journal = {Entropy},
title = {The Fisher-Rao Distance between Multivariate Normal Distributions: Special Cases, Boundsand Applications},
year = {2020},
volume = {22},
pages = {404-423},
}

@article{KDE1,
author = {Rosenblatt, M.},
journal = {The Annals of Mathematical Statistics.},
title = {Remarks on Some Nonparametric Estimates of a Density Function},
year = {1956},
volume = {27},
number = {3},
pages = {832-837},
}

@article{KDE2,
author = {Parzen, E.},
journal = {The Annals of Mathematical Statistics.},
title = {On Estimation of a Probability Density Function and Mode},
year = {1962},
volume = {33},
number = {3},
pages = {1065-1076},
}

@article{Cauchy,
author = {Hung Gia Hoang and Ba-Ngu Vo and Ba-Tuong Vo and Ronald Mahler},
journal = {IEEE Trans. on Information Theory},
title = {The Cauchy-Schwarz divergence for Poisson point processes},
year = {2015},
volume = {61},
number = {8},
pages = {4475-4485},
}

@INPROCEEDINGS{TV2,  
author={S. {Verdú}},  
booktitle={2014 Information Theory and Applications Workshop (ITA)},   
title={Total variation distance and the distribution of relative information},   
year={2014},  
pages={1-3},
}

@article{FeatureSelection,
title = "Divergence-based feature selection for separate classes",
journal = "Neurocomputing",
volume = "101",
pages = "32 - 42",
year = "2013",
author = "Yishi Zhang and Shujuan Li and Teng Wang and Zigang Zhang",
}

@article{Similarity,
    author = {Shirkhorshidi, Ali Seyed AND Aghabozorgi, Saeed AND Wah, Teh Ying},
    journal = {PLOS ONE},
    publisher = {Public Library of Science},
    title = {A Comparison Study on Similarity and Dissimilarity Measures in Clustering Continuous Data},
    year = {2015},
    month = {12},
    volume = {10},
    pages = {1-20},
    number = {12},
}

@InProceedings{Euclidean,
author="Aggarwal, Charu C. and Hinneburg, Alexander and Keim, Daniel A.",
editor="Van den Bussche, Jan and Vianu, Victor",
title="On the Surprising Behavior of Distance Metrics in High Dimensional Space",
booktitle="Database Theory --- ICDT 2001",
year="2001",
publisher="Springer Berlin Heidelberg",
address="Berlin, Heidelberg",
pages="420--434",
}

@incollection{InfoTheory,
title = {Estimation of Information Theoretic Measures for Continuous Random Variables},
author = {Fernando P\'erez-Cruz},
booktitle = {Advances in Neural Information Processing Systems 21},
editor = {D. Koller and D. Schuurmans and Y. Bengio and L. Bottou},
pages = {1257--1264},
year = {2009},
publisher = {Curran Associates, Inc.},
}

@ARTICLE{Perona,
author={P. {Perona} and J. {Malik}},
journal={IEEE Trans. on Pattern Analysis and Machine Intelligence},
title={Scale-space and edge detection using anisotropic diffusion},
year={1990},
volume={12},
number={7},
pages={629-639},
}
@ARTICLE{BM3D,  
author={Dabov, K. and Foi, A. and Katkovnik, V. and Egiazarian, K.},  
journal={IEEE Transactions on on Image Processing},   
title={Image denoising by sparse 3-D transform-domain collaborative filtering.},   
year={2007},  
volume={16},  
number={8},
pages={2080-2095},
}

@article{Wiener,
author = {Alexandre L. M. Levada},
title = {Closed-form Bayesian image denoising: improving the adaptive Wiener filter through pairwise Gaussian-Markov random fields},
journal = {Communications in Statistics - Simulation and Computation},
pages = {1-25},
year  = {2019},
URL = {https://doi.org/10.1080/03610918.2019.1577969},
publisher = {Taylor \& Francis},
}

@article{SparsePCA2006,
author = {Hui Zou and Trevor Hastie and Robert Tibshirani},
title = {Sparse Principal Component Analysis},
journal = {Journal of Computational and Graphical Statistics},
volume = {15},
number = {2},
pages = {265-286},
year  = {2006},
publisher = {Taylor & Francis},
}

@article{RobustPCA,
author = {Cand\`{e}s, Emmanuel J. and Li, Xiaodong and Ma, Yi and Wright, John},
title = {Robust Principal Component Analysis?},
year = {2011},
publisher = {Association for Computing Machinery},
volume = {58},
number = {3},
journal = {Journal of the ACM},
articleno = {11},
numpages = {37},
}

@article{Silhouette,
title = "Silhouettes: A graphical aid to the interpretation and validation of cluster analysis",
journal = "Journal of Comp. and Appl. Math.",
volume = "20",
pages = "53--65",
year = "1987",
author = "Peter J. Rousseeuw",
}

@article{Andre,
  TITLE = {A Nonlocal Poisson Denoising Algorithm Based on Stochastic Distances},
  AUTHOR = {Andre A. Bindilatti and Nelson D. A. Mascarenhas},
  JOURNAL = {IEEE Signal Processing Letters},
  PUBLISHER = {IEEE},
  VOLUME = {20},
  NUMBER = {11},
  PAGES = {1010-1013},
  YEAR = {2013},
}

@article{Wilcoxon,
  TITLE = {Individual comparisons by ranking methods},
  AUTHOR = {Wilcoxon, Frank},
  JOURNAL = {Biometrics Bulletin},
  VOLUME = {1},
  NUMBER = {6},
  PAGES = {80-83},
  YEAR = {1945},
}

@article{Friedman,
author = {Milton Friedman},
title = {The Use of Ranks to Avoid the Assumption of Normality Implicit in the Analysis of Variance},
journal = {Journal of the American Statistical Association},
volume = {32},
number = {200},
pages = {675-701},
year  = {1937},
publisher = {Taylor \& Francis},  
}

@ARTICLE{Renyi,  
author={T. {van Erven} and P. {Harremos}},  
journal={IEEE Transactions on Information Theory},   
title={Rényi Divergence and Kullback-Leibler Divergence},   
year={2014},  
volume={60},  
number={7},  
pages={3797-3820},
}

@article{Gil,
title = "Rényi divergence measures for commonly used univariate continuous distributions",
journal = "Information Sciences",
volume = "249",
pages = "124 - 131",
year = "2013",
author = "M. Gil and F. Alajaji and T. Linder",
}

@INPROCEEDINGS{CS_Gaussian,  
author={P. {Spurek} and W. {Pałka}},  
booktitle={2016 International Joint Conference on Neural Networks (IJCNN)},   
title={Clustering of Gaussian distributions},   
year={2016},    
pages={3346-3353},
}

@article{SM_Nielsen,
year = 2011,
month = {dec},
publisher = {{IOP} Publishing},
volume = {45},
number = {3},
pages = {032003},
author = {Frank Nielsen and Richard Nock},
title = {A closed-form expression for the Sharma{\textendash}Mittal entropy of exponential families},
journal = {Journal of Physics A: Mathematical and Theoretical},
}

@article {Levada2016,
author = "Levada, A. L. M.",
title = "Information geometry, simulation and complexity in Gaussian random fields",
journal = "Monte Carlo Methods and Applications",
year = "2016",
publisher = "De Gruyter",
address = "Berlin, Boston",
volume = "22",
number = "2",
pages = "81 - 107",
}

@article {Havrda,
author = "J.  Havrda   and  F.  Charvat",
title = "Quantification method of  classification processes",
journal = "Kiberbetika  Cislo",
year = "1967",
volume = "1",
number = "3",
pages = "30-34",
}

@article {Tsallis,
author = "Tsallis, C.",
title = "Possible generalization of Boltzmann-Gibbs statistics",
journal = "Journal of Statistical Physics",
year = "1988",
volume = "52",
pages = "479-487",
}

@article{Nielsen_Tsallis,
  author = {Nielsen, Frank and Nock, Richard},
  note = {cite arxiv:1105.3259Comment: 7 pages},
  timestamp = {2019-12-11T14:46:37.000+0100},
  title = {On R\'enyi and Tsallis entropies and divergences for exponential families},
  url = {http://arxiv.org/abs/1105.3259},
  year = {2011},
}

@article{ISJ,
  author = {Z. I. Botev and J. F. Grotowski and D. P. Kroese},
  title = {Kernel density estimation via diffusion.},
  journal = {Annals of Statistics},
  volume = {38},
  number = {5},
  year = {2010},
  pages = {2916-2957},
}

@article{GG_2018,
title = {Analytical properties of generalized Gaussian distributions.},
author = {Alex Dytso and Ronit Bustin and H. Vincent Poor and Shlomo Shamai},
year = {2018},
journal = {Journal of Statistical Distributions and Applications},
volume = {5},
number = {6},
}

@article{Generalized, 
author = {Saralees Nadarajah},
journal = {Journal of Applied Statistics},
title = {A genralized normal distribution},
year = {2005}, 
volume = {32}, 
number = {7}, 
pages = {685--694}
}

@book{ElementaryDG,
author = "Barrett O'Neill",
title = "Elementary Differential Geometry",
publisher = "Elsevier",
edition = "2nd",
year = "2006",
}

@book{Manfredo,
author = "Manfredo P. do Carmo",
title = "Differential Geometry of Curves and Surfaces",
publisher = "Dover Publications Inc.",
edition = "2nd",
year = "2017",
}

@book{FirstCourseDG,
author = "Theodore Shifrin",
title = "Differential Geometry: A First Course in Curves and Surfaces",
publisher = "University of Georgia",
year = "2016",
}

@article{PCAKL,
author = "Alexandre L. M. Levada",
journal = "Advances in Data Analysis and Classification",
title = "PCA-KL: a parametric dimensionality reduction approach for unsupervised metric learning",
url = "https://doi.org/10.1007/s11634-020-00434-3",
year = "2021"
}

@INPROCEEDINGS{ISOKL,
  author={Neto, Alaor Cervati and Levada, Alexandre L. M.},
  booktitle={2020 33rd SIBGRAPI Conference on Graphics, Patterns and Images (SIBGRAPI)}, 
  title={ISOMAP-KL: a parametric approach for unsupervised metric learning}, 
  year={2020},
  volume={},
  number={},
  pages={287-294},
  doi={10.1109/SIBGRAPI51738.2020.00046}
}

@article{Frenet,
author = "Frenet, F.",
journal = "Abstract in J. de Math",
title = "Sur les courbes à double courbure.",
year = "1852"
}

@article{Serret,
author = "Serret, J. A.",
journal = "J. de Math",
title = "Sur quelques formules relatives à la théorie des courbes à double courbure.",
year = "1851"
}

@article{UMAP,
  year = {2018},
  publisher = {The Open Journal},
  volume = {3},
  number = {29},
  pages = {861},
  author = {Leland McInnes and John Healy and Nathaniel Saul and Lukas Großberger},
  title = {UMAP: Uniform Manifold Approximation and Projection},
  journal = {Journal of Open Source Software}
}

@article{Fowlkes,
 author = {E. B. Fowlkes and C. L. Mallows},
 journal = {Journal of the American Statistical Association},
 number = {383},
 pages = {553--569},
 publisher = {[American Statistical Association, Taylor & Francis, Ltd.]},
 title = {A Method for Comparing Two Hierarchical Clusterings},
 volume = {78},
 year = {1983}
}

@article{Rand,
author = { William M. Rand},
title = {Objective Criteria for the Evaluation of Clustering Methods},
journal = {Journal of the American Statistical Association},
volume = {66},
number = {336},
pages = {846-850},
year  = {1971},
publisher = {Taylor & Francis},
}

@article{KruskalWallis,
author = {William H. Kruskal and W. Allen Wallis},
title = {Use of Ranks in One-Criterion Variance Analysis},
journal = {Journal of the American Statistical Association},
volume = {47},
number = {260},
pages = {583-621},
year  = {1952},
publisher = {Taylor & Francis},
}

@phdthesis{Nemenyi,
	author={P. B. Nemenyi},
	title={Distribution-free multiple comparisons},
	school={Princeton University},
	year={1963},
}
